@inproceedings{shahrad2019architectural,
	title={Architectural implications of function-as-a-service computing},
	author={Shahrad, Mohammad and Balkind, Jonathan and Wentzlaff, David},
	booktitle={Proceedings of the 52nd Annual IEEE/ACM International Symposium on Microarchitecture},
	pages={1063--1075},
	year={2019}
}
@inproceedings{mohanty2018evaluation,
	title={An Evaluation of Open Source Serverless Computing Frameworks.},
	author={Mohanty, Sunil Kumar and Premsankar, Gopika and Di Francesco, Mario and others},
	booktitle={CloudCom},
	pages={115--120},
	year={2018}
}
@inproceedings{shillaker2018provider,
	title={A provider-friendly serverless framework for latency-critical applications},
	author={Shillaker, Simon}
}
@article{eivy2017wary,
	title={Be wary of the economics of" Serverless" Cloud Computing},
	author={Eivy, Adam},
	journal={IEEE Cloud Computing},
	volume={4},
	number={2},
	pages={6--12},
	year={2017},
	publisher={IEEE}
},
@book{sehgal2018cloud,
	title={Cloud Computing},
	author={Sehgal, Naresh Kumar and Bhatt, P Ch},
	year={2018},
	publisher={Springer}
}
@article{mell2011nist,
	title={The NIST definition of cloud computing},
	author={Mell, Peter and Grance, Tim and others},
	year={2011},
	publisher={Computer Security Division, Information Technology Laboratory, National~…}
}
@article{regalado2011coined,
	title={Who coined ‘cloud computing’},
	author={Regalado, Antonio},
	journal={Technology Review},
	volume={31},
	year={2011}
}
@article{fox2017status,
	title={Status of serverless computing and function-as-a-service (faas) in industry and research},
	author={Fox, Geoffrey C and Ishakian, Vatche and Muthusamy, Vinod and Slominski, Aleksander},
	journal={arXiv preprint arXiv:1708.08028},
	year={2017}
}
@incollection{baldini2017serverless,
	title={Serverless computing: Current trends and open problems},
	author={Baldini, Ioana and Castro, Paul and Chang, Kerry and Cheng, Perry and Fink, Stephen and Ishakian, Vatche and Mitchell, Nick and Muthusamy, Vinod and Rabbah, Rodric and Slominski, Aleksander and others},
	booktitle={Research Advances in Cloud Computing},
	pages={1--20},
	year={2017},
	publisher={Springer}
}
@article{shafiei2020serverless,
	title={Serverless Computing: A Survey of Opportunities, Challenges and Applications},
	author={Shafiei, Hossein and Khonsari, Ahmad and Mousavi, Payam},
	year={2020},
	publisher={engrXiv}
}
@article{fowler2018serverless,
	title={Serverless Architectures},
	author={Fowler, Martin},
	journal={martinfowler.com},
	year={2018},
	note={https://www.martinfowler.com/articles/serverless.html}
}
@article{van2019spec,
	title={The SPEC-RG Reference Architecture for FaaS: From Microservices and Containers to Serverless Platforms},
	author={Van Eyk, Erwin and Grohmann, Johannes and Eismann, Simon and Bauer, Andr{\'e} and Versluis, Laurens and Toader, Lucian and Schmitt, Norbert and Herbst, Nikolas and Abad, Cristina and Iosup, Alexandru},
	journal={IEEE Internet Computing},
	year={2019},
	publisher={IEEE}
}
@inproceedings{lee2018evaluation,
	title={Evaluation of production serverless computing environments},
	author={Lee, Hyungro and Satyam, Kumar and Fox, Geoffrey},
	booktitle={2018 IEEE 11th International Conference on Cloud Computing (CLOUD)},
	pages={442--450},
	year={2018},
	organization={IEEE}
}
@inproceedings{Yussupov2019_SystematicMappingStudyFaaS,
	author = {Vladimir Yussupov and Uwe Breitenb{\"u}cher and Frank Leymann
	and Michael Wurster},
	title = {{A Systematic Mapping Study on Engineering Function-as-a-Service Platforms and Tools}},
	booktitle = {Proceedings of the 12th IEEE/ACM International Conference on
	Utility and Cloud Computing (UCC 2019)},
	publisher = {ACM},
	year = 2019,
	month = dec,
	pages = {229--240},
	doi = {10.1145/3344341.3368803}
}
@article{liu2011nist,
  title={NIST cloud computing reference architecture},
  author={Liu, Fang and Tong, Jin and Mao, Jian and Bohn, Robert and Messina, John and Badger, Lee and Leaf, Dawn},
  journal={NIST special publication},
  volume={500},
  number={2011},
  pages={292},
  year={2011}
}
@book{foster2003grid,
  title={The Grid 2: Blueprint for a new computing infrastructure},
  author={Foster, Ian and Kesselman, Carl},
  year={2003},
  publisher={Elsevier}
}
@article{leitner2019mixed,
  title={A mixed-method empirical study of Function-as-a-Service software development in industrial practice},
  author={Leitner, Philipp and Wittern, Erik and Spillner, Josef and Hummer, Waldemar},
  journal={Journal of Systems and Software},
  volume={149},
  pages={340--359},
  year={2019},
  publisher={Elsevier}
}
@article{fox2009above,
  title={Above the clouds: A berkeley view of cloud computing},
  author={Fox, Armando and Griffith, Rean and Joseph, Anthony and Katz, Randy and Konwinski, Andrew and Lee, Gunho and Patterson, D and Rabkin, Ariel and Stoica, Ion and others},
  journal={Dept. Electrical Eng. and Comput. Sciences, University of California, Berkeley, Rep. UCB/EECS},
  volume={28},
  number={13},
  pages={2009},
  year={2009}
}
@article{jonas2019cloud,
  title={Cloud programming simplified: A berkeley view on serverless computing},
  author={Jonas, Eric and Schleier-Smith, Johann and Sreekanti, Vikram and Tsai, Chia-Che and Khandelwal, Anurag and Pu, Qifan and Shankar, Vaishaal and Carreira, Joao and Krauth, Karl and Yadwadkar, Neeraja and others},
  journal={arXiv preprint arXiv:1902.03383},
  year={2019}
}
@inproceedings{kritikos2018review,
  title={A review of serverless frameworks},
  author={Kritikos, Kyriakos and Skrzypek, Pawe{\l}},
  booktitle={2018 IEEE/ACM International Conference on Utility and Cloud Computing Companion (UCC Companion)},
  pages={161--168},
  year={2018},
  organization={IEEE}
}
@inproceedings{jackson2018investigation,
  title={An Investigation of the Impact of Language Runtime on the Performance and Cost of Serverless Functions},
  author={Jackson, David and Clynch, Gary},
  booktitle={2018 IEEE/ACM International Conference on Utility and Cloud Computing Companion (UCC Companion)},
  pages={154--160},
  year={2018},
  organization={IEEE}
}
@mastersthesis{kaplan2019framework,
  title={Framework for migrating deployed serverless applications},
  author={Kaplan, Ayhan},
  year={2019}
}
@inproceedings{al2019systematic,
  title={A systematic and open exploration of FaaS research},
  author={Al-Ameen, Mohammed and Spillner, Josef},
  booktitle={ESSCA, Zurich, Switzerland, December 21, 2018},
  pages={30--35},
  year={2019},
  organization={CEUR-WS}
}
@article{hellerstein2018serverless,
  title={Serverless computing: One step forward, two steps back},
  author={Hellerstein, Joseph M and Faleiro, Jose and Gonzalez, Joseph E and Schleier-Smith, Johann and Sreekanti, Vikram and Tumanov, Alexey and Wu, Chenggang},
  journal={arXiv preprint arXiv:1812.03651},
  year={2018}
}
@article{aditya2019will,
  title={Will Serverless Computing Revolutionize NFV?},
  author={Aditya, Paarijaat and Akkus, Istemi Ekin and Beck, Andre and Chen, Ruichuan and Hilt, Volker and Rimac, Ivica and Satzke, Klaus and Stein, Manuel},
  journal={Proceedings of the IEEE},
  volume={107},
  number={4},
  pages={667--678},
  year={2019},
  publisher={IEEE}
}
@inproceedings{jackson2018investigation,
  title={An Investigation of the Impact of Language Runtime on the Performance and Cost of Serverless Functions},
  author={Jackson, David and Clynch, Gary},
  booktitle={2018 IEEE/ACM International Conference on Utility and Cloud Computing Companion (UCC Companion)},
  pages={154--160},
  year={2018},
  organization={IEEE}
}
@inproceedings{manner2018cold,
  title={Cold start influencing factors in function as a service},
  author={Manner, Johannes and Endre{\ss}, Martin and Heckel, Tobias and Wirtz, Guido},
  booktitle={2018 IEEE/ACM International Conference on Utility and Cloud Computing Companion (UCC Companion)},
  pages={181--188},
  year={2018},
  organization={IEEE}
}
@inproceedings{mcgrath2017serverless,
  title={Serverless computing: Design, implementation, and performance},
  author={McGrath, Garrett and Brenner, Paul R},
  booktitle={2017 IEEE 37th International Conference on Distributed Computing Systems Workshops (ICDCSW)},
  pages={405--410},
  year={2017},
  organization={IEEE}
}
@book{roberts2017serverless,
  title={What Is Serverless?},
  author={Roberts, Michael and Chapin, John},
  year={2017},
  publisher={O'Reilly Media, Incorporated}
}
@article{castro2019server,
  title={The server is dead, long live the server: Rise of Serverless Computing, Overview of Current State and Future Trends in Research and Industry},
  author={Castro, Paul and Ishakian, Vatche and Muthusamy, Vinod and Slominski, Aleksander},
  journal={arXiv preprint arXiv:1906.02888},
  year={2019}
}
@inproceedings{ishakian2018serving,
  title={Serving deep learning models in a serverless platform},
  author={Ishakian, Vatche and Muthusamy, Vinod and Slominski, Aleksander},
  booktitle={2018 IEEE International Conference on Cloud Engineering (IC2E)},
  pages={257--262},
  year={2018},
  organization={IEEE}
}
@inproceedings{lloyd2018improving,
  title={Improving Application Migration to Serverless Computing Platforms: Latency Mitigation with Keep-Alive Workloads},
  author={Lloyd, Wes and Vu, Minh and Zhang, Baojia and David, Olaf and Leavesley, George},
  booktitle={2018 IEEE/ACM International Conference on Utility and Cloud Computing Companion (UCC Companion)},
  pages={195--200},
  year={2018},
  organization={IEEE}
}
@inproceedings{lopez2018comparison,
  title={Comparison of faas orchestration systems},
  author={L{\'o}pez, Pedro Garc{\'\i}a and S{\'a}nchez-Artigas, Marc and Par{\'\i}s, Gerard and Pons, Daniel Barcelona and Ollobarren, {\'A}lvaro Ruiz and Pinto, David Arroyo},
  booktitle={2018 IEEE/ACM International Conference on Utility and Cloud Computing Companion (UCC Companion)},
  pages={148--153},
  year={2018},
  organization={IEEE}
}
@inproceedings{werner2018serverless,
  title={Serverless Big Data Processing using Matrix Multiplication as Example},
  author={Werner, Sebastian and Kuhlenkamp, J{\"o}rn and Klems, Markus and M{\"u}ller, Johannes and Tai, Stefan},
  booktitle={2018 IEEE International Conference on Big Data (Big Data)},
  pages={358--365},
  year={2018},
  organization={IEEE}
}
@inproceedings{ivanov2018implementation,
  title={Implementation of a DevOps pipeline for serverless applications},
  author={Ivanov, Vitalii and Smolander, Kari},
  booktitle={International Conference on Product-Focused Software Process Improvement},
  pages={48--64},
  year={2018},
  organization={Springer}
}
@inproceedings{brousse2019issue,
  title={The issue of monorepo and polyrepo in large enterprises},
  author={Brousse, Nicolas},
  booktitle={Proceedings of the Conference Companion of the 3rd International Conference on Art, Science, and Engineering of Programming},
  pages={1--4},
  year={2019}
}
@inproceedings{racicot2019quality,
  title={Quality Aspects of Serverless Architecture: An Exploratory Study on Maintainability},
  author={Racicot, Louis and Cloutier, Nicolas and Abt, Julien and Petrillo, Fabio},
  booktitle={Proceedings of the 14th International Conference on Software Technologies, ICSOFT},
  pages={26--28},
  year={2019}
}
@article{fox2017status,
  title={Status of serverless computing and function-as-a-service (faas) in industry and research},
  author={Fox, Geoffrey C and Ishakian, Vatche and Muthusamy, Vinod and Slominski, Aleksander},
  journal={arXiv preprint arXiv:1708.08028},
  year={2017}
}
@article{figiela2018performance,
  title={Performance evaluation of heterogeneous cloud functions},
  author={Figiela, Kamil and Gajek, Adam and Zima, Adam and Obrok, Beata and Malawski, Maciej},
  journal={Concurrency and Computation: Practice and Experience},
  volume={30},
  number={23},
  pages={e4792},
  year={2018},
  publisher={Wiley Online Library}
}
@inproceedings{mcgrath2016cloud,
  title={Cloud event programming paradigms: Applications and analysis},
  author={McGrath, Garrett and Short, Jared and Ennis, Stephen and Judson, Brenden and Brenner, Paul},
  booktitle={2016 IEEE 9th International Conference on Cloud Computing (CLOUD)},
  pages={400--406},
  year={2016},
  organization={IEEE}
}
@article{benlian2018transformative,
  title={The transformative value of cloud computing: a decoupling, platformization, and recombination theoretical framework},
  author={Benlian, Alexander and Kettinger, William J and Sunyaev, Ali and Winkler, Till J and GUEST EDITORS},
  journal={Journal of management information systems},
  volume={35},
  number={3},
  pages={719--739},
  year={2018},
  publisher={Taylor \& Francis}
}
@inproceedings{puripunpinyo2017effect,
  title={Effect of optimizing Java deployment artifacts on AWS Lambda},
  author={Puripunpinyo, Hussachai and Samadzadeh, MH},
  booktitle={2017 IEEE Conference on Computer Communications Workshops (INFOCOM WKSHPS)},
  pages={438--443},
  year={2017},
  organization={IEEE}
}
@inproceedings{sewak2018winning,
  title={Winning in the era of serverless computing and function as a service},
  author={Sewak, Mohit and Singh, Sachchidanand},
  booktitle={2018 3rd International Conference for Convergence in Technology (I2CT)},
  pages={1--5},
  year={2018},
  organization={IEEE}
}
@inproceedings{bardsley2018serverless,
  title={Serverless Performance and Optimization Strategies},
  author={Bardsley, Daniel and Ryan, Larry and Howard, John},
  booktitle={2018 IEEE International Conference on Smart Cloud (SmartCloud)},
  pages={19--26},
  year={2018},
  organization={IEEE}
}
@article{spillner2017java,
  title={Java code analysis and transformation into AWS lambda functions},
  author={Spillner, Josef and Dorodko, Serhii},
  journal={arXiv preprint arXiv:1702.05510},
  year={2017}
}
@inproceedings{wright1998compiling,
  title={Compiling Java to a typed lambda-calculus: A preliminary report},
  author={Wright, Andrew and Jagannathan, Suresh and Ungureanu, Cristian and Hertzmann, Aaron},
  booktitle={International Workshop on Types in Compilation},
  pages={9--27},
  year={1998},
  organization={Springer}
}
@article{buyya2018manifesto,
  title={A manifesto for future generation cloud computing: Research directions for the next decade},
  author={Buyya, Rajkumar and Srirama, Satish Narayana and Casale, Giuliano and Calheiros, Rodrigo and Simmhan, Yogesh and Varghese, Blesson and Gelenbe, Erol and Javadi, Bahman and Vaquero, Luis Miguel and Netto, Marco AS and others},
  journal={ACM computing surveys (CSUR)},
  volume={51},
  number={5},
  pages={1--38},
  year={2018},
  publisher={ACM New York, NY, USA}
}
@article{kumar2019serverless,
  title={Serverless Architectures Review, Future Trend and the Solutions to Open Problems},
  author={Kumar, Manoj},
  journal={American Journal of Software Engineering},
  volume={6},
  number={1},
  pages={1--10},
  year={2019}
}
@inproceedings{aske2018supporting,
  title={Supporting multi-provider serverless computing on the edge},
  author={Aske, Austin and Zhao, Xinghui},
  booktitle={Proceedings of the 47th International Conference on Parallel Processing Companion},
  pages={1--6},
  year={2018}
}
@article{manner2019troubleshooting,
  title={Troubleshooting Serverless functions: a combined monitoring and debugging approach},
  author={Manner, Johannes and Kolb, Stefan and Wirtz, Guido},
  journal={SICS Software-Intensive Cyber-Physical Systems},
  volume={34},
  number={2-3},
  pages={99--104},
  year={2019},
  publisher={Springer}
}
@inproceedings{palade2019evaluation,
  title={An Evaluation of Open Source Serverless Computing Frameworks Support at the Edge},
  author={Palade, Andrei and Kazmi, Aqeel and Clarke, Siobh{\'a}n},
  booktitle={2019 IEEE World Congress on Services (SERVICES)},
  volume={2642},
  pages={206--211},
  year={2019},
  organization={IEEE}
}
@article{pawlik2019performance,
  title={Performance considerations on execution of large scale workflow applications on cloud functions},
  author={Pawlik, Maciej and Figiela, Kamil and Malawski, Maciej},
  journal={arXiv preprint arXiv:1909.03555},
  year={2019}
}
@book{newman2015building,
  title={Building microservices: designing fine-grained systems},
  author={Newman, Sam},
  year={2015},
  publisher={" O'Reilly Media, Inc."}
}
@book{pichler2013scrum,
  title={Scrum: agiles Projektmanagement erfolgreich einsetzen},
  author={Pichler, Roman},
  year={2013},
  publisher={dpunkt. verlag}
}